<record><leader>00000cas a22000007a 4500</leader><controlfield tag="001">14509074</controlfield><controlfield tag="008">861023c19139999wiudn ne      0   a0eng c</controlfield><controlfield tag="009">3770</controlfield><datafield ind1=" " ind2=" " tag="010"><subfield code="a">sn 86086732 </subfield></datafield><datafield ind1=" " ind2=" " tag="040"><subfield code="a">NPV</subfield><subfield code="b">eng</subfield><subfield code="c">NPV</subfield><subfield code="d">NSD</subfield><subfield code="d">MHN</subfield><subfield code="d">OCL</subfield><subfield code="d">OCLCQ</subfield></datafield><datafield ind1=" " ind2=" " tag="012"><subfield code="m">1</subfield></datafield><datafield ind1="1" ind2=" " tag="022"><subfield code="a">1079-8196</subfield><subfield code="l">1079-8196</subfield><subfield code="2">1</subfield></datafield><datafield ind1="1" ind2=" " tag="029"><subfield code="a">AU@</subfield><subfield code="b">000020425531</subfield></datafield><datafield ind1=" " ind2=" " tag="032"><subfield code="a">329640</subfield><subfield code="b">USPS</subfield></datafield><datafield ind1=" " ind2=" " tag="042"><subfield code="a">nsdp</subfield><subfield code="a">pcc</subfield></datafield><datafield ind1=" " ind2="0" tag="222"><subfield code="a">Marinette eagle-star</subfield></datafield><datafield ind1="0" ind2="4" tag="245"><subfield code="a">The Marinette eagle-star.</subfield></datafield><datafield ind1="0" ind2="0" tag="246"><subfield code="a">Marinette eagle star</subfield></datafield><datafield ind1="0" ind2="7" tag="246"><subfield code="a">Eagle-star</subfield></datafield><datafield ind1=" " ind2=" " tag="260"><subfield code="a">Marinette, Wis. :</subfield><subfield code="b">Eagle Printing Co.,</subfield><subfield code="c">1913-</subfield></datafield><datafield ind1=" " ind2=" " tag="300"><subfield code="a">v.</subfield></datafield><datafield ind1=" " ind2=" " tag="310"><subfield code="a">Daily (except weekends)</subfield><subfield code="b">Oct. 31, 1994-</subfield></datafield><datafield ind1=" " ind2=" " tag="321"><subfield code="a">Daily (except Sun.) Aug. 27, 1913-Oct. 29, 1994</subfield></datafield><datafield ind1="0" ind2=" " tag="362"><subfield code="a">Vol. 22, no. 97 (Aug. 27, 1913)-</subfield></datafield><datafield ind1=" " ind2=" " tag="500"><subfield code="a">Publisher varies.</subfield></datafield><datafield ind1=" " ind2=" " tag="580"><subfield code="a">Saturday ed. continued by: Eagle-star/herald-leader Saturday.</subfield></datafield><datafield ind1=" " ind2=" " tag="752"><subfield code="a">United States</subfield><subfield code="b">Wisconsin</subfield><subfield code="c">Marinette</subfield><subfield code="d">Marinette.</subfield></datafield><datafield ind1="0" ind2="0" tag="780"><subfield code="t">Daily eagle-star</subfield><subfield code="w">(OCoLC)14474001</subfield><subfield code="w">(DLC)sn 86086729</subfield></datafield><datafield ind1="1" ind2="1" tag="785"><subfield code="t">Eagle-star/herald-leader Saturday</subfield><subfield code="w">(DLC)sn 96077258</subfield><subfield code="w">(OCoLC)35924295</subfield></datafield><datafield ind1=" " ind2=" " tag="936"><subfield code="a">Vol. 103, no. 159 (Nov. 7, 1994) LIC</subfield></datafield></record>